@Misc{ThinkOpen,
author = "Matteo Giunta",
title = "Big data management per l'industria 4.0",
year = 2022,
note = "Aailable on line",
url = "https://thinkopen.it/thinkopen-blog/big-data-management-per-lindustria-4.0"
}

% @Misc{Internet4things,
% author = "Pierluigi Sandonnini",
% title = "Big data IoT, cosa sono e vantaggi dell'analisi per le aziende",
% year = 2020,
% note = "Available on line",
% url = "https://www.internet4things.it/edge-computing/analytics-big-data/big-data-iot-cosa-sono-e-vantaggi-dellanalisi-per-le-aziende/"
% }

% @Misc{techtarget,
% author = "Bridget Botelho",
% title = "big data",
% note = "Available on line",
% url = "https://www.techtarget.com/searchdatamanagement/definition/big-data"
% }




% %%%%%%%%%%%%%%%%%%%%%%%%%%%%%%%%%%%% PIRELLI


% @Misc{PirelliHist,
% author = "Pirelli and C. S.p.A",
% title = "Storia di Pirelli",
% note = "Available on line",
% url = "https://corporate.pirelli.com/corporate/it-it/aboutus/storia"
% }

% @Misc{WikipediaPirelli,
% author = "Wikipedia, the free encyclopedia",
% title = "Pirelli (azienda)",
% note = "Available on line",
% url = "https://it.wikipedia.org/wiki/Pirelli_(azienda)"
% }

% @Misc{Pirelli,
% author = "Pirelli and C. S.p.A",
% title = "Com’è fatto un pneumatico sportivo",
% year = "2019",
% note = "Available on line",
% url = "https://www.pirelli.com/"
% }

% @Misc{Innerliner,
% % author = "/",
% title = "Inner liner",
% note = "Available on line",
% url = "https://wiki.tireweb.com/index.php/Inner_liner"
% }


% @Misc{hilltoptire,
% author = "Hilltop",
% title = "What’s inside your tires?",
% year = 2021,
% note = "Available on line",
% url = "https://www.hilltoptireservice.com/Blog/ArticleID/463/what-is-inside-your-tires"
% }


% @Misc{pneurama,
% author = "Nicodemo Angì",
% title = "Il rivestimento interno dei pneumatici che trattiene l’aria",
% year = "2021",
% note = "Available on line",
% url = "https://www.pneurama.com/il-rivestimento-interno-dei-pneumatici-che-trattiene-l-aria"
% }


% @Misc{Madehow,
% author = "Madehow ",
% title = "Tire",
% note = "Available on line",
% url = "http://www.madehow.com/Volume-1/Tire.html"
% }


% %%%%%%%%%%%%%%%%%%%%%%%%%%%%%%%%%%%%%%%%%%%%%%%%%%%%%%%%%%%%%% CAPABILITY
% @Misc{qualityi,
% author = "Chiarini \& Associati",
% title = "STATISTICAL PROCESS CONTROLL",
% note = "Available on line",
% url = "https://qualityi.it/spc.html"
% }

% @Misc{blogkainexus,
% author = "Greg Jacobson",
% title = "The Juran Trilogy: Quality Planning",
% year = "2019",
% note = "Available on line",
% url = "https://www.juran.com/blog/the-juran-trilogy-quality-planning/"
% }


% @Misc{WikipediaSPC,
% author = "Wikipedia, the free encyclopedia",
% title = "Statistical process control",
% year = "2023",
% note = "Available on line",
% url = "https://it.wikipedia.org/wiki/Statistical_process_control"
% }

% @Misc{reconsultsrl,
% author = "Reconsult srl",
% title = "Metodo SPC - Statistical Process Control",
% note = "Available on line",
% url = "https://www.reconsultsrl.it/"
% }

% @Misc{Meetheskilles,
% author = "Meetheskilled ",
% title = "Process capability: capacità di processo",
% year = "2017",
% note = "Available on line",
% url = "https://meetheskilled.com/process-capability-capacita-processo/"
% }

% @Misc{Juran,
% author = "Dr. Joseph A DeFeo",
% title = "An Introduction to Process Control Charts",
% year = "2019",
% note = "Available on line",
% url = "https://blog.kainexus.com/"
% }


% @Misc{HumanWare,
% author = "HumanWare sas",
% title = "Analisi della varianza: cause comuni e cause speciali",
% year = "2013",
% note = "Available on line",
% url = "https://www.humanwareonline.com/"
% }

% @Misc{DiNardo,
% author = "Di Nardo E.",
% title = "Il controllo statistico di qualità",
% note = "Available on line",
% url = "http://oldwww.unibas.it"
% }

% @Misc{UniRoma,
% author = "Annamaria Gisario",
% title = "Programmazione e controllo della produzione",
% note = "Available on line",
% url = "http://www.ingmecc.uniroma1.it/"
% }

% @Misc{WikCP,
% author = "Wikipedia",
% title = "Process capability index",
% note = "Available on line",
% url = "https://en.wikipedia.org/wiki/Process_capability_index"
% }

% @Misc{SixSigma,
% author = "Ted Hessing",
% title = "Process Capability (Cp \& Cpk)",
% note = "Available on line",
% url = "https://sixsigmastudyguide.com/process-capability-cp-cpk/"
% }


% %%%%% ---------

% @Misc{ManagementAcademy,
% author = "Academy Management",
% title = "SPC Statistical Process Control",
% year = "2019",
% note = "Available on line",
% url = "https://www.managementacademy.it/"
% }

% piu others in capitoli

% %%%%%%%%%%%%%%%%%%%%% GENERIC
% @Misc{WikipediaGauss,
% author = "Wikipedia, the free encyclopedia",
% title = "Distribuzione Normale",
% note = "Available on line",
% url = "https://it.wikipedia.org/wiki/Distribuzione_normale"
% }

% @Misc{WikipediaJMP,
% author = "Wikipedia, the free encyclopedia",
% title = "JMP (statistical software)",
% note = "Available on line",
% url = "https://en.wikipedia.org/wiki/JMP_(statistical_software)"
% }

% @Misc{JMPBoxplot,
% author = "JMP",
% title = "Box plot",
% note = "Available on line",
% url = "https://www.jmp.com/it_it/statistics-knowledge-portal/exploratory-data-analysis/box-plot.html"
% }

% @Misc{SerieStoriche,
% author = "Domenico Leogrande",
% title = "L’analisi delle serie storiche per la 
% programmazione delle attività",
% note = "Available on line",
% url = "https://www.uniba.it/it/docenti/leogrande-domenico/attivita-didattica/7Lanalisidelleseriestoriche.pdf"
% }



% (“Linguaggio di programmazione python.” [Online]. Available: https:
% //www.python.it/, “User guide — pandas 1.3.4 documentation.” [Online]. Available: https:
% //pandas.pydata.org/docs/user_guide/index.html#user-guide)


% ] R. Microlearning, “Strumenti di data visualization.” [Online]. Available:
% https://ready4.fondirigenti.it/courses/data-analytics-2-new/lessons/6019

% [80] C. Chapman, “A complete overview of the best data visualization tools.”
% [Online]. Available: https://www.toptal.com/designers/data-visualization/
% data-visualization-tools

% [81] “Data visualization software: cosa sono, trend, applicazioni e le 5 soluzioni top - sceglifornitore.” [Online]. Available: https://sceglifornitore.it/blog/
% data-visualization-software-cosa-sono-trend-applicazioni-e-le-5-soluzioni-top/

